@article{nyborg2019a,
  doi = {10.2139/ssrn.3335203},
  url = {https://doi.org/10.2139/ssrn.3335203},
  year = {2019},
  publisher = {Elsevier {BV}},
  author = {Kjell G. Nyborg},
  title = {Repo Rates and the Collateral Spread Puzzle},
  journal = {{SSRN} Electronic Journal}
}

@article{nyborg2019b,
  doi = {10.2139/ssrn.3335201},
  url = {https://doi.org/10.2139/ssrn.3335201},
  year = {2019},
  publisher = {Elsevier {BV}},
  author = {Kjell G. Nyborg and Cornelia R\"{o}sler},
  title = {Repo Rates and the Collateral Spread: Evidence},
  journal = {{SSRN} Electronic Journal}
}

@article{duffie1996,
title = {Special Repo Rates},
author = {Duffie, Darrell},
year = {1996},
journal = {Journal of Finance},
volume = {51},
number = {2},
pages = {493-526},
}

@article{damico2013,
doi = {10.2139/ssrn.2363708},
url = {https://doi.org/10.2139/ssrn.2363708},
year = {2013},
publisher = {Elsevier {BV}},
author = {Stefania D{\textquotesingle}Amico and Roger Fan and Yuriy Kitsul},
title = {The Scarcity Vale of Treasury Collateral: Repo Market Effects of Security-Specific Supply and Demand Factors},
journal = {{SSRN} Electronic Journal}
}

@article{arrata2018,
doi = {10.5089/9781484386910.001},
url = {https://doi.org/10.5089/9781484386910.001},
year = {2018},
publisher = {International Monetary Fund ({IMF})},
volume = {18},
number = {258},
pages = {1},
author = {William Arrata and Benoit Nguyen and Imene Rahmouni-Rousseau and Miklos Vari},
title = {The Scarcity Effect of Quantitative Easing on Repo Rates:},
journal = {{IMF} Working Papers}
}

@article{han2018,
doi = {10.2139/ssrn.3221269},
url = {https://doi.org/10.2139/ssrn.3221269},
year = {2018},
publisher = {Elsevier {BV}},
author = {Fei Han and Dulani Seneviratne},
title = {Scarcity Effects of Quantitative Easing on Market Liquidity: Evidence from the Japanese Government Bond Market},
journal = {{SSRN} Electronic Journal}
}

@article{fisher2002,
  author={Mark Fisher},
  title={{Special repo rates: an introduction}},
  journal={Economic Review},
  year=2002,
  volume={87},
  number={Q2},
  pages={27-43},
  keywords={Repurchase agreements; Government securities},
  url={https://ideas.repec.org/a/fip/fedaer/y2002iq2p27-43nv.87no.2.html}
}

@Article{schaffner2019,
  author={Patrick Schaffner and Angelo Ranaldo and Kostas Tsatsaronis},
  title={{Euro repo market functioning: collateral is king}},
  journal={BIS Quarterly Review},
  year=2019,
  month={December},
  url={https://ideas.repec.org/a/bis/bisqtr/1912k.html}
}

@techreport{ewerhart2008,
  author={Ewerhart, Christian and Tapking, Jens},
  title={{Repo markets, counterparty risk and the 2007/2008 liquidity crisis}},
  year=2008,
  month=Jun,
  institution={European Central Bank},
  type={Working Paper Series},
  url={https://ideas.repec.org/p/ecb/ecbwps/2008909.html},
  number={909},
}

@TechReport{singh2017,
  author={Mr. Manmohan Singh},
  title={{Collateral Reuse and Balance Sheet Space}},
  year=2017,
  month=May,
  institution={International Monetary Fund},
  type={IMF Working Papers},
  url={https://ideas.repec.org/p/imf/imfwpa/2017-113.html},
  number={2017/113},
}

@TechReport{jank2021,
  author={Jank, Stephan and MÃ¶nch, Emanuel and Schneider, Michael},
  title={{Safe asset shortage and collateral reuse}},
  year=2021,
  month=,
  institution={Deutsche Bundesbank},
  type={Discussion Papers},
  url={https://ideas.repec.org/p/zbw/bubdps/392021.html},
  number={39/2021},
}

@techreport{fleckenstein2018,
 title = "Shadow Funding Costs: Measuring the Cost of Balance Sheet Constraints",
 author = "Fleckenstein, Matthias and Longstaff, Francis A",
 institution = "National Bureau of Economic Research",
 type = "Working Paper",
 series = "Working Paper Series",
 number = "24224",
 year = "2018",
 month = "January",
 doi = {10.3386/w24224},
}

@article{singh2012,
author = {Singh, Manmohan and Stella, Peter},
title = {Money and Collateral},
journal = {IMF Working Paper},
number = {12/95},
year = {2012}
}

@techreport{krishnamurthy2011,
 title = "The Effects of Quantitative Easing on Interest Rates: Channels and Implications for Policy",
 author = "Krishnamurthy, Arvind and Vissing-Jorgensen, Annette",
 institution = "National Bureau of Economic Research",
 type = "Working Paper",
 series = "Working Paper Series",
 number = "17555",
 year = "2011",
 month = "October",
 doi = {10.3386/w17555},
}

@Article{krishnamurthy2012,
  author={Arvind Krishnamurthy and Annette Vissing-Jorgensen},
  title={{The Aggregate Demand for Treasury Debt}},
  journal={Journal of Political Economy},
  year=2012,
  volume={120},
  number={2},
  pages={233-267},
  month={},
  keywords={},
  doi={10.1086/666526},
}

@Article{cortes2003,
  author={Fabio Cortes},
  title={Understanding and Modelling Swap Spreads},
  journal={Bank of England Quarterly Bulletin},
  month ={Winter},
  year=2003,
}

@book{jha2011,
  author = "Siddhartha Jha",
  title = "Interest Rate Markets: A Practical Approach to Fixed Income",
  month = "March",
  year = "2011",
  publisher = "Wiley",
}

@Article{duffie2016,
  author={Darrell Duffie},
  title={{Financial Regulatory Reform After the Crisis: An Assessment}},
  journal={Management Science},
  year=2018,
  volume={64},
  number={10},
  pages={4835-4857},
  month={October},
  doi={10.287/mnsc.2017.2768},
}

@TechReport{klinger2018,
  author={Sven Klingler and Suresh Sundaresan},
  title={{An explanation of negative swap spreads: demand for duration from underfunded pension plans}},
  year=2018,
  month=Feb,
  institution={Bank for International Settlements},
  type={BIS Working Papers},
  url={https://ideas.repec.org/p/bis/biswps/705.html},
  number={705},
}

@Article{boyarchenko2018,
  author={Nina Boyarchenko and Pooja Gupta and Nick Steele and Jacqueline Yen},
  title={{Negative swap spreads}},
  journal={Economic Policy Review},
  year=2018,
  volume={},
  number={24-2},
  pages={1-14},
  month={},
  keywords={U.S. Treasuries; interest rate swaps; funding liquidity; post-crisis regulation},
}

@techreport{tdeconomics2016,
  author={James Orlando and Maria Solovieva},
  title={{Negative Interest Rate Swap Spreads - In Search of a Smoking Gun}},
  year=2016,
  month=May,
}

@techreport{deloitte2014,
  author={Deloitte}
  title={{Negative Interest Rate Swap Spreads - In Search of a Smoking Gun}},
  year=2014,
  month=October,
}

@TechReport{jermann2019,
  author={Urban Jermann},
  title={{Negative Swap Spreads and Limited Arbitrage}},
  year=2019,
  month=Jan,
  institution={National Bureau of Economic Research, Inc},
  type={NBER Working Papers},
  url={https://ideas.repec.org/p/nbr/nberwo/25422.html},
  number={25422},
}

@techreport{augustin2019,
 title = "Benchmark Interest Rates When the Government is Risky",
 author = "Augustin, Patrick and Chernov, Mikhail and Schmid, Lukas and Song, Dongho",
 institution = "National Bureau of Economic Research",
 type = "Working Paper",
 series = "Working Paper Series",
 number = "26429",
 year = "2019",
 month = "November",
 doi = {10.3386/w26429},
}
